
@ARTICLE{Dendrou:2009,
author = {Dendrou, Calliope A and Fung, Erik and Esposito, Laura and Todd, John A and Wicker, Linda S and Plagnol, Vincent},
title = {{Fluorescence Intensity Normalisation: Correcting for Time Effects in Large-Scale Flow Cytometric Analysis}},
journal = {Advances in Bioinformatics},
year = {2009},
volume = {2009},
pages = {1--6},
pmid = {20049162}
}

@ARTICLE{Schwartz:1996,
author = {Schwartz, A and Repollet, EF and Vogt, R and Gratama, JW},
title = {{Standardizing flow cytometry: Construction of a standardized fluorescence calibration plot using matching spectral calibrators}},
journal = {Cytometry Part A},
year = {1996},
volume = {26},
number = {1},
pages = {22--31},
pmid = {8809477}
}

@MANUAL{rpackage:flowcore,
    title = {flowCore: flowCore: Basic structures for flow cytometry data},
    author = {B. Ellis and P. Haaland and F. Hahne and N. Le Meur and N. Gopalakrishnan},
    note = {R package version 1.20.0},
  }

@MANUAL{rpackage:cluster,
    title = {cluster: Cluster Analysis Basics and Extensions},
    author = {Martin Maechler and Peter Rousseeuw and Anja Struyf and Mia Hubert and Kurt Hornik},
    year = {2012},
    note = {R package version 1.14.2 --- For new features, see the 'Changelog' file (in the package source)},
  }

